@BOOK{Bauer,
author = "Bauer, H.",
title = "Ma\ss- und Integrationstheorie",
address = "Berlin",
publisher = "Walter de Gruyter \& Co.",
year = 1992
}

@BOOK{BickelDoksum,
	author = "Bickel, P. J. and K. A. Doksum",
	title = "Mathematical statistics",
	address = "San Francisco, Calif.-D{\"u}sseldorf-Johannesburg",
	publisher = "Holden-Day, Inc.",
	year = 2001
}

@BOOK{LehmannRomano,
	author = "Lehmann, E. L. and J. P. Romano",
	title = "Testing statistical hypotheses",
	address = "New York",
	publisher = "Springer",
	year = 2005
}

@BOOK{WittingMuller,
	author = "Witting, H. and U. M{\"u}ller-Funk",
	title = "Mathematische Statistik. II",
	address = "Stuttgart",
	publisher = " B. G. Teubner",
	year = 2001
}

@BOOK{Tripathi,
	author = "Tripathi, G.",
	title = "A matrix extension of the Cauchy-Schwarz inequality. Econom. Lett. 63 (1), 1 -- 3.",
	year = 1999
}
